@article{Hinton,
 author = {Hinton, Geoffrey E. and Osindero, Simon and Teh, Yee-Whye},
 title = {A Fast Learning Algorithm for Deep Belief Nets},
 journal = {Neural Computation},
 year={2006}
} 

@article{Yann,
 author = {Yann LeCun},
 title = {Deep Learning Tutorial},
 journal = {ICML, Atlanta},
 year={2013}
} 

@article{Shashi,
 author = {Shashi Sathyanarayana,},
 title = {A Gentle Introduction to Backpropagation},
 year={2014}
} 
